@incollection{feynman2012,
  title={There’s plenty of room at the bottom: An invitation to enter a new field of physics},
  author={Feynman, Richard P},
  booktitle={Handbook of Nanoscience, Engineering, and Technology, Third Edition},
  pages={26--35},
  year={2012},
  publisher={CRC Press}
}

@article{hutchison2010,
  title={Carbon nanotubes as a framework for high-aspect-ratio MEMS fabrication},
  author={Hutchison, David N and Morrill, Nicholas B and Aten, Quentin and Turner, Brendan W and Jensen, Brian D and Howell, Larry L and Vanfleet, Richard R and Davis, Robert C},
  journal={Journal of Microelectromechanical Systems},
  volume={19},
  number={1},
  pages={75--82},
  year={2010},
  publisher={IEEE}
}

@article{mcnie2000,
  title={High aspect ratio micromachining (HARM) technologies for microinertial devices},
  author={McNie, M and King, D and Vizard, C and Holmes, A and Lee, KW},
  journal={Microsystem Technologies},
  volume={6},
  number={5},
  pages={184--188},
  year={2000},
  publisher={Springer}
}

@article{pang2001,
  title={High-aspect-ratio structures for MEMS},
  author={Pang, Stella W},
  journal={MRS Bulletin},
  volume={26},
  number={4},
  pages={307--308},
  year={2001},
  publisher={Cambridge University Press}
}

@misc{NXP2009,
  author       = {{NXP Freescale}}, 
  title        = {MEMS Technology},
  howpublished = "\url{{https://www.nxp.com/docs/en/fact-sheet/MEMSFS.pdf}}",
  year         = 2009,
  note        = {accessed \today}
}

@online{Fraunhofer2019,
  author = {{Fraunhofer ISIT}},
  title = {Deep Reactive Ion Etch (DRIE)},
  year = 2019,
  url = {https://www.isit.fraunhofer.de/de/technologie/mikro-fertigungsverfahren/waferbearbeitung/deep-reactive-ion-etch.html},
  urldate = {\tody},
  note = {accessed \today}
}


@BOOK{menz2005paul,
	AUTHOR = {Menz, Wolfgang AND Paul, Oliver AND Mohr, Jürgen},
	YEAR = {2012},
	TITLE = {Mikrosystemtechnik für Ingenieure - },
	EDITION = {3. Aufl.},
	ISBN = {978-3-527-66346-0},
	PUBLISHER = {John Wiley \& Sons},
	ADDRESS = {New York},
}

@article{BECKER198635,
title = {{Fabrication of microstructures with high aspect ratios and great structural heights by synchrotron radiation lithography, galvanoforming, and plastic moulding (LIGA process)}},
journal = "Microelectronic Engineering",
volume = "4",
number = "1",
pages = "35 - 56",
year = "1986",
issn = "0167-9317",
author = "E.W. Becker and W. Ehrfeld and P. Hagmann and A. Maner and D. Münchmeyer"
}

@article{genolet2014uv,
  title={{UV-LIGA: from development to commercialization}},
  author={Genolet, Gr{\'e}goire and Lorenz, Hubert},
  journal={Micromachines},
  volume={5},
  number={3},
  pages={486--495},
  year={2014},
  publisher={Multidisciplinary Digital Publishing Institute}
}

@misc{ wikiUVLiga,
   author = "Wikipedia",
   title = {{LIGA (Fertigungsverfahren)}},
   year = "2017",
   url = "https://de.wikipedia.org/w/index.php?title=LIGA_(Fertigungsverfahren)&oldid=170287665",
   note = "[Online; Stand 29. Januar 2019]"
 }
 
 @article{BECKER2000130,
title = "Hot embossing as a method for the fabrication of polymer high aspect ratio structures",
journal = "Sensors and Actuators A: Physical",
volume = "83",
number = "1",
pages = "130 - 135",
year = "2000",
issn = "0924-4247",
author = "Holger Becker and Ulf Heim"
}

@article{macdonald1996scream,
  title={SCREAM microelectromechanical systems},
  author={MacDonald, Noel C},
  journal={Microelectronic Engineering},
  volume={32},
  number={1-4},
  pages={49--73},
  year={1996},
  publisher={Elsevier}
}

@misc{sensors2018,
  title={{Lecture Notes in Sensorik und Aktorik}},
  author={Gerald A. Urban},
  year={WS 2018/19},
  note={{Albert-Ludwigs-Universität Freiburg}}
}

 @misc{ wikiDRIE,
   author = "Wikipedia",
   title = {{Reaktives Ionentiefenätzen --- Wikipedia{,} Die freie Enzyklopädie}},
   year = "2018",
   url = "https://de.wikipedia.org/w/index.php?title=Reaktives_Ionentiefen%C3%A4tzen&oldid=183728171",
   note = "[Online; Stand 30. Januar 2019]"
 }